%%
%% Articles
%% 
% 23386806 
@Article{pmid23386806,
   Author="Ashburner, J.  and Ridgway, G. R. ",
   Title="{{S}ymmetric diffeomorphic modeling of longitudinal structural {M}{R}{I}}",
   Journal="Front Neurosci",
   Year="2012",
   Volume="6",
   Pages="197"
}

% 21216294 
@Article{pmid21216294,
   Author="Ashburner, J.  and Friston, K. J. ",
   Title="{{D}iffeomorphic registration using geodesic shooting and {G}auss-{N}ewton optimisation}",
   Journal="Neuroimage",
   Year="2011",
   Volume="55",
   Number="3",
   Pages="954--967",
   Month="Apr"
}
% 21373993 
@Article{pmid21373993,
   Author="Avants, B. B.  and Tustison, N. J.  and Wu, J.  and Cook, P. A.  and Gee, J. C. ",
   Title="{{A}n open source multivariate framework for n-tissue segmentation with evaluation on public data}",
   Journal="Neuroinformatics",
   Year="2011",
   Volume="9",
   Number="4",
   Pages="381--400",
   Month="Dec"
}
% 20027588 
@Article{pmid20027588,
   Author="Manjon, J. V.  and Coupe, P.  and Marti-Bonmati, L.  and Collins, D. L.  and Robles, M. ",
   Title="{{A}daptive non-local means denoising of {M}{R} images with spatially varying noise levels}",
   Journal="J Magn Reson Imaging",
   Year="2010",
   Volume="31",
   Number="1",
   Pages="192--203",
   Month="Jan"
}
% 20378467 
@Article{pmid20378467,
   Author="Tustison, N. J.  and Avants, B. B.  and Cook, P. A.  and Zheng, Y.  and Egan, A.  and Yushkevich, P. A.  and Gee, J. C. ",
   Title="{{N}4{I}{T}{K}: improved {N}3 bias correction}",
   Journal="IEEE Trans Med Imaging",
   Year="2010",
   Volume="29",
   Number="6",
   Pages="1310--1320",
   Month="Jun"
}
% 15955494 
@Article{pmid15955494,
   Author="Ashburner, J.  and Friston, K. J. ",
   Title="{{U}nified segmentation}",
   Journal="Neuroimage",
   Year="2005",
   Volume="26",
   Number="3",
   Pages="839--851",
   Month="Jul"
}
% 15501092 
@Article{pmid15501092,
   Author="Smith, S. M.  and Jenkinson, M.  and Woolrich, M. W.  and Beckmann, C. F.  and Behrens, T. E.  and Johansen-Berg, H.  and Bannister, P. R.  and De Luca, M.  and Drobnjak, I.  and Flitney, D. E.  and Niazy, R. K.  and Saunders, J.  and Vickers, J.  and Zhang, Y.  and De Stefano, N.  and Brady, J. M.  and Matthews, P. M. ",
   Title="{{A}dvances in functional and structural {M}{R} image analysis and implementation as {F}{S}{L}}",
   Journal="Neuroimage",
   Year="2004",
   Volume="23 Suppl 1",
   Pages="S208--219"
}
% 14568458 
@Article{pmid14568458,
   Author="Andersson, J. L.  and Skare, S.  and Ashburner, J. ",
   Title="{{H}ow to correct susceptibility distortions in spin-echo echo-planar images: application to diffusion tensor imaging}",
   Journal="Neuroimage",
   Year="2003",
   Volume="20",
   Number="2",
   Pages="870--888",
   Month="Oct"
}
% 26236030 
@Article{pmid26236030,
   Author="Andersson, J. L.  and Sotiropoulos, S. N. ",
   Title="{{N}on-parametric representation and prediction of single- and multi-shell diffusion-weighted {M}{R}{I} data using {G}aussian processes}",
   Journal="Neuroimage",
   Year="2015",
   Volume="122",
   Pages="166--176",
   Month="Nov"
}
% 26481672 
@Article{pmid26481672,
   Author="Andersson, J. L.  and Sotiropoulos, S. N. ",
   Title="{{A}n integrated approach to correction for off-resonance effects and subject movement in diffusion {M}{R} imaging}",
   Journal="Neuroimage",
   Year="2016",
   Volume="125",
   Pages="1063--1078",
   Month="Jan"
}
% 27523449 
@Article{pmid27523449,
   Author="Veraart, J.  and Novikov, D. S.  and Christiaens, D.  and Ades-Aron, B.  and Sijbers, J.  and Fieremans, E. ",
   Title="{{D}enoising of diffusion {M}{R}{I} using random matrix theory}",
   Journal="Neuroimage",
   Year="2016",
   Month="Aug"
}
% 19319973 
@Article{pmid19319973,
   Author="Leemans, A.  and Jones, D. K. ",
   Title="{{T}he {B}-matrix must be rotated when correcting for subject motion in {D}{T}{I} data}",
   Journal="Magn Reson Med",
   Year="2009",
   Volume="61",
   Number="6",
   Pages="1336--1349",
   Month="Jun"
}
% 8019776 
@Article{pmid8019776,
   Author="Basser, P. J.  and Mattiello, J.  and LeBihan, D. ",
   Title="{{E}stimation of the effective self-diffusion tensor from the {N}{M}{R} spin echo}",
   Journal="J Magn Reson B",
   Year="1994",
   Volume="103",
   Number="3",
   Pages="247--254",
   Month="Mar"
}
% 21944778 
@Article{pmid21944778,
   Author="DeJesus-Hernandez, M.  and Mackenzie, I. R.  and Boeve, B. F.  and Boxer, A. L.  and Baker, M.  and Rutherford, N. J.  and Nicholson, A. M.  and Finch, N. A.  and Flynn, H.  and Adamson, J.  and Kouri, N.  and Wojtas, A.  and Sengdy, P.  and Hsiung, G. Y.  and Karydas, A.  and Seeley, W. W.  and Josephs, K. A.  and Coppola, G.  and Geschwind, D. H.  and Wszolek, Z. K.  and Feldman, H.  and Knopman, D. S.  and Petersen, R. C.  and Miller, B. L.  and Dickson, D. W.  and Boylan, K. B.  and Graff-Radford, N. R.  and Rademakers, R. ",
   Title="{{E}xpanded {G}{G}{G}{G}{C}{C} hexanucleotide repeat in noncoding region of {C}9{O}{R}{F}72 causes chromosome 9p-linked {F}{T}{D} and {A}{L}{S}}",
   Journal="Neuron",
   Year="2011",
   Volume="72",
   Number="2",
   Pages="245--256",
   Month="Oct"
}

% 8232972 
@Article{pmid8232972,
   Author="Morris, J. C. ",
   Title="{{T}he {C}linical {D}ementia {R}ating ({C}{D}{R}): current version and scoring rules}",
   Journal="Neurology",
   Year="1993",
   Volume="43",
   Number="11",
   Pages="2412--2414",
   Month="Nov"
}


% 22875087 
@Article{pmid22875087,
   Author="Sha, S. J.  and Takada, L. T.  and Rankin, K. P.  and Yokoyama, J. S.  and Rutherford, N. J.  and Fong, J. C.  and Khan, B.  and Karydas, A.  and Baker, M. C.  and DeJesus-Hernandez, M.  and Pribadi, M.  and Coppola, G.  and Geschwind, D. H.  and Rademakers, R.  and Lee, S. E.  and Seeley, W.  and Miller, B. L.  and Boxer, A. L. ",
   Title="{{F}rontotemporal dementia due to {C}9{O}{R}{F}72 mutations: clinical and imaging features}",
   Journal="Neurology",
   Year="2012",
   Volume="79",
   Number="10",
   Pages="1002--1011",
   Month="Sep"
}

% 15761274 
@Article{pmid15761274,
   Author="Rankin, K. P.  and Kramer, J. H.  and Miller, B. L. ",
   Title="{{P}atterns of cognitive and emotional empathy in frontotemporal lobar degeneration}",
   Journal="Cogn Behav Neurol",
   Year="2005",
   Volume="18",
   Number="1",
   Pages="28--36",
   Month="Mar"
}

% 9430354 
@Article{pmid9430354,
   Author="Wong, E. C.  and Buxton, R. B.  and Frank, L. R. ",
   Title="{{I}mplementation of quantitative perfusion imaging techniques for functional brain mapping using pulsed arterial spin labeling}",
   Journal="NMR Biomed",
   Year="1997",
   Volume="10",
   Number="4-5",
   Pages="237--249"
}
% 15690497 
@Article{pmid15690497,
   Author="Golay, X.  and Petersen, E. T.  and Hui, F. ",
   Title="{{P}ulsed star labeling of arterial regions ({P}{U}{L}{S}{A}{R}): a robust regional perfusion technique for high field imaging}",
   Journal="Magn Reson Med",
   Year="2005",
   Volume="53",
   Number="1",
   Pages="15--21",
   Month="Jan"
}
%  Platt
@Article{Platt,
   Author="Platt, J. C. ",
   Title="{{P}robabilistic outputs for support vector machines and comparison to regularized likelihood methods}",
   Journal="",
   Year="1999",
   Volume="",
   Pages=""
}
%  Hastie
@Article{Hastie,
   Author="Hastie, T. and Tibshirani, R.",
   Title="{{C}lassification by {P}airwise {C}oupling}",
   Journal="Ann. Statist.",
   Year="1998",
   Volume="26",
   Pages="451-471"
}
%  
@Article{1-s2.0-S016786550500303X-gr2,
   Author="Fawcett, T",
   Title="{R}{O}{C} graphs with instance-varying costs",
   Journal="Pattern Recognition Letters",
   Year="2005",
   Volume="27",
   Number="8",
   Pages="882--891",
   Month="Dec"
}
% 19501654 
@Article{pmid19501654,
   Author="Wilson, S. M.  and Ogar, J. M.  and Laluz, V.  and Growdon, M.  and Jang, J.  and Glenn, S.  and Miller, B. L.  and Weiner, M. W.  and Gorno-Tempini, M. L. ",
   Title="{{A}utomated {M}{R}{I}-based classification of primary progressive aphasia variants}",
   Journal="Neuroimage",
   Year="2009",
   Volume="47",
   Number="4",
   Pages="1558--1567",
   Month="Oct"
}
% 20660506 
@Article{pmid20660506,
   Author="Debette, S.  and Markus, H. S. ",
   Title="{{T}he clinical importance of white matter hyperintensities on brain magnetic resonance imaging: systematic review and meta-analysis}",
   Journal="BMJ",
   Year="2010",
   Volume="341",
   Pages="c3666"
}
% 2302536 
@Article{pmid2302536,
   Author="Leenders, K. L.  and Perani, D.  and Lammertsma, A. A.  and Heather, J. D.  and Buckingham, P.  and Healy, M. J.  and Gibbs, J. M.  and Wise, R. J.  and Hatazawa, J.  and Herold, S. ",
   Title="{{C}erebral blood flow, blood volume and oxygen utilization. {N}ormal values and effect of age}",
   Journal="Brain",
   Year="1990",
   Volume="113 ( Pt 1)",
   Pages="27--47",
   Month="Feb"
}
% 17030755 
@Article{pmid17030755,
   Author="Du, A. T.  and Jahng, G. H.  and Hayasaka, S.  and Kramer, J. H.  and Rosen, H. J.  and Gorno-Tempini, M. L.  and Rankin, K. P.  and Miller, B. L.  and Weiner, M. W.  and Schuff, N. ",
   Title="{{H}ypoperfusion in frontotemporal dementia and {A}lzheimer disease by arterial spin labeling {M}{R}{I}}",
   Journal="Neurology",
   Year="2006",
   Volume="67",
   Number="7",
   Pages="1215--1220",
   Month="Oct"
}
% 20819999 
@Article{pmid20819999,
   Author="Hu, W. T.  and Wang, Z.  and Lee, V. M.  and Trojanowski, J. Q.  and Detre, J. A.  and Grossman, M. ",
   Title="{{D}istinct cerebral perfusion patterns in {F}{T}{L}{D} and {A}{D}}",
   Journal="Neurology",
   Year="2010",
   Volume="75",
   Number="10",
   Pages="881--888",
   Month="Sep"
}
% 11516708 
@Article{pmid11516708,
   Author="Jenkinson, M.  and Smith, S. ",
   Title="{{A} global optimisation method for robust affine registration of brain images}",
   Journal="Med Image Anal",
   Year="2001",
   Volume="5",
   Number="2",
   Pages="143--156",
   Month="Jun"
}
% 12377157 
@Article{pmid12377157,
   Author="Jenkinson, M.  and Bannister, P.  and Brady, M.  and Smith, S. ",
   Title="{{I}mproved optimization for the robust and accurate linear registration and motion correction of brain images}",
   Journal="Neuroimage",
   Year="2002",
   Volume="17",
   Number="2",
   Pages="825--841",
   Month="Oct"
}
% 9581600 
@Article{pmid9581600,
   Author="Wong, E. C.  and Buxton, R. B.  and Frank, L. R. ",
   Title="{{Q}uantitative imaging of perfusion using a single subtraction ({Q}{U}{I}{P}{S}{S} and {Q}{U}{I}{P}{S}{S} {I}{I})}",
   Journal="Magn Reson Med",
   Year="1998",
   Volume="39",
   Number="5",
   Pages="702--708",
   Month="May"
}
% 21337417 
@Article{pmid21337417,
   Author="Chappell, M. A.  and Groves, A. R.  and MacIntosh, B. J.  and Donahue, M. J.  and Jezzard, P.  and Woolrich, M. W. ",
   Title="{{P}artial volume correction of multiple inversion time arterial spin labeling {M}{R}{I} data}",
   Journal="Magn Reson Med",
   Year="2011",
   Volume="65",
   Number="4",
   Pages="1173--1183",
   Month="Apr"
}
% 17622966 
@Article{pmid17622966,
   Author="Dietrich, O.  and Raya, J. G.  and Reeder, S. B.  and Reiser, M. F.  and Schoenberg, S. O. ",
   Title="{{M}easurement of signal-to-noise ratios in {M}{R} images: influence of multichannel coils, parallel imaging, and reconstruction filters}",
   Journal="J Magn Reson Imaging",
   Year="2007",
   Volume="26",
   Number="2",
   Pages="375--385",
   Month="Aug"
}
% 24496173 
@Article{pmid24496173,
   Author="Hales, P. W.  and Kawadler, J. M.  and Aylett, S. E.  and Kirkham, F. J.  and Clark, C. A. ",
   Title="{{A}rterial spin labeling characterization of cerebral perfusion during normal maturation from late childhood into adulthood: normal 'reference range' values and their use in clinical studies}",
   Journal="J. Cereb. Blood Flow Metab.",
   Year="2014",
   Volume="34",
   Number="5",
   Pages="776--784",
   Month="May"
}
% 3871783 
@Article{pmid3871783,
   Author="Herscovitch, P.  and Raichle, M. E. ",
   Title="{{W}hat is the correct value for the brain--blood partition coefficient for water?}",
   Journal="J. Cereb. Blood Flow Metab.",
   Year="1985",
   Volume="5",
   Number="1",
   Pages="65--69",
   Month="Mar"
}
% 10371458 
@Article{pmid10371458,
   Author="Luh, W. M.  and Wong, E. C.  and Bandettini, P. A.  and Hyde, J. S. ",
   Title="{{Q}{U}{I}{P}{S}{S} {I}{I} with thin-slice {T}{I}1 periodic saturation: a method for improving accuracy of quantitative perfusion imaging using pulsed arterial spin labeling}",
   Journal="Magn Reson Med",
   Year="1999",
   Volume="41",
   Number="6",
   Pages="1246--1254",
   Month="Jun"
}
% 9727941 
@Article{pmid9727941,
   Author="Buxton, R. B.  and Frank, L. R.  and Wong, E. C.  and Siewert, B.  and Warach, S.  and Edelman, R. R. ",
   Title="{{A} general kinetic model for quantitative perfusion imaging with arterial spin labeling}",
   Journal="Magn Reson Med",
   Year="1998",
   Volume="40",
   Number="3",
   Pages="383--396",
   Month="Sep"
}
% 15723393 
@Article{pmid15723393,
   Author="Li, K. L.  and Zhu, X.  and Hylton, N.  and Jahng, G. H.  and Weiner, M. W.  and Schuff, N. ",
   Title="{{F}our-phase single-capillary stepwise model for kinetics in arterial spin labeling {M}{R}{I}}",
   Journal="Magn Reson Med",
   Year="2005",
   Volume="53",
   Number="3",
   Pages="511--518",
   Month="Mar"
}
% 12117763 
@Article{pmid12117763,
   Author="Miller, M. I.  and Trouve, A.  and Younes, L. ",
   Title="{{O}n the metrics and euler-lagrange equations of computational anatomy}",
   Journal="Annu Rev Biomed Eng",
   Year="2002",
   Volume="4",
   Pages="375--405"
}
%
@article{Dupuis:1998:VPF:298828.298844,
 author = {Dupuis, Paul and Grenander, Ulf},
 title = {Variational Problems on Flows of Diffeomorphisms for Image Matching},
 journal = {Q. Appl. Math.},
 issue_date = {Sept. 1998},
 volume = {LVI},
 number = {3},
 month = sep,
 year = {1998},
 issn = {0033-569X},
 pages = {587--600},
 numpages = {14},
 url = {http://dl.acm.org/citation.cfm?id=298828.298844},
 acmid = {298844},
 publisher = {American Mathematical Society},
 address = {Boston, MA, USA},
} 
% 17445301 
@Article{pmid17445301,
   Author="Liu, T. T.  and Brown, G. G. ",
   Title="{{M}easurement of cerebral perfusion with arterial spin labeling: {P}art 1. {M}ethods}",
   Journal="J Int Neuropsychol Soc",
   Year="2007",
   Volume="13",
   Number="3",
   Pages="517--525",
   Month="May"
}

% 19694302 
@Article{pmid19694302,
   Author="Tao, R.  and Fletcher, P. T.  and Gerber, S.  and Whitaker, R. T. ",
   Title="{{A} variational image-based approach to the correction of susceptibility artifacts in the alignment of diffusion weighted and structural {M}{R}{I}}",
   Journal="Inf Process Med Imaging",
   Year="2009",
   Volume="21",
   Pages="664--675"
}

% 17426351 
@Article{pmid17426351,
   Author="Marcus, D. S.  and Olsen, T. R.  and Ramaratnam, M.  and Buckner, R. L. ",
   Title="{{T}he {E}xtensible {N}euroimaging {A}rchive {T}oolkit: an informatics platform for managing, exploring, and sharing neuroimaging data}",
   Journal="Neuroinformatics",
   Year="2007",
   Volume="5",
   Number="1",
   Pages="11--34"
}% 23912507 
@Article{pmid23912507,
   Author="Book, G. A.  and Anderson, B. M.  and Stevens, M. C.  and Glahn, D. C.  and Assaf, M.  and Pearlson, G. D. ",
   Title="{{N}euroinformatics {D}atabase ({N}i{D}{B})--a modular, portable database for the storage, analysis, and sharing of neuroimaging data}",
   Journal="Neuroinformatics",
   Year="2013",
   Volume="11",
   Number="4",
   Pages="495--505",
   Month="Oct"
}% 22319489 
@Article{pmid22319489,
   Author="Das, S.  and Zijdenbos, A. P.  and Harlap, J.  and Vins, D.  and Evans, A. C. ",
   Title="{{L}{O}{R}{I}{S}: a web-based data management system for multi-center studies}",
   Journal="Front Neuroinform",
   Year="2011",
   Volume="5",
   Pages="37"
}
% 20567938 
@Article{pmid20567938,
   Author="Ozyurt, I. B.  and Keator, D. B.  and Wei, D.  and Fennema-Notestine, C.  and Pease, K. R.  and Bockholt, J.  and Grethe, J. S. ",
   Title="{{F}ederated web-accessible clinical data management within an extensible neuroimaging database}",
   Journal="Neuroinformatics",
   Year="2010",
   Volume="8",
   Number="4",
   Pages="231--249",
   Month="Dec"
}
% 22275896 
@Article{pmid22275896,
   Author="Scott, A.  and Courtney, W.  and Wood, D.  and de la Garza, R.  and Lane, S.  and King, M.  and Wang, R.  and Roberts, J.  and Turner, J. A.  and Calhoun, V. D. ",
   Title="{{C}{O}{I}{N}{S}: {A}n {I}nnovative {I}nformatics and {N}euroimaging {T}ool {S}uite {B}uilt for {L}arge {H}eterogeneous {D}atasets}",
   Journal="Front Neuroinform",
   Year="2011",
   Volume="5",
   Pages="33"
}
% 21469191 
@Article{pmid21469191,
   Author="Tournier, J. D.  and Mori, S.  and Leemans, A. ",
   Title="{{D}iffusion tensor imaging and beyond}",
   Journal="Magn Reson Med",
   Year="2011",
   Volume="65",
   Number="6",
   Pages="1532--1556",
   Month="Jun"
}
% 18666143 
@Article{pmid18666143,
   Author="Gedamu, E. L.  and Collins, D. L.  and Arnold, D. L. ",
   Title="{{A}utomated quality control of brain {M}{R} images}",
   Journal="J Magn Reson Imaging",
   Year="2008",
   Volume="28",
   Number="2",
   Pages="308--319",
   Month="Aug"
}
% 18666143 
@Article{Gedamu,
   Author="Gedamu, E. L.",
   Title="{{G}uidelines for {D}eveloping {A}utomated {Q}uality {C}ontrol {P}rocedures for {B}rain {M}agnetic {R}esonance {I}mages {A}cquired in {M}ulti-{C}entre {C}linical {T}rials}",
   Journal="Applications and Experiences of Quality Control - In Tech",
   Year="2011",
   Volume="",
   Number="",
   Pages="135-158",
   Month="Apr"
}
% 16300968 
@Article{pmid16300968,
   Author="Jovicich, J.  and Czanner, S.  and Greve, D.  and Haley, E.  and van der Kouwe, A.  and Gollub, R.  and Kennedy, D.  and Schmitt, F.  and Brown, G.  and Macfall, J.  and Fischl, B.  and Dale, A. ",
   Title="{{R}eliability in multi-site structural {M}{R}{I} studies: effects of gradient non-linearity correction on phantom and human data}",
   Journal="Neuroimage",
   Year="2006",
   Volume="30",
   Number="2",
   Pages="436--443",
   Month="Apr"
}
% 9343592 
@Article{pmid9343592,
   Author="Mazziotta, J. C.  and Toga, A. W.  and Evans, A.  and Fox, P.  and Lancaster, J. ",
   Title="{{A} probabilistic atlas of the human brain: theory and rationale for its development. {T}he {I}nternational {C}onsortium for {B}rain {M}apping ({I}{C}{B}{M})}",
   Journal="Neuroimage",
   Year="1995",
   Volume="2",
   Number="2",
   Pages="89--101",
   Month="Jun"
}
% 18666143 
@Article{pmid18666143,
   Author="Gedamu, E. L.  and Collins, D. L.  and Arnold, D. L. ",
   Title="{{A}utomated quality control of brain {M}{R} images}",
   Journal="J Magn Reson Imaging",
   Year="2008",
   Volume="28",
   Number="2",
   Pages="308--319",
   Month="Aug"
}

% 8126267 
@Article{pmid8126267,
   Author="Collins, D. L.  and Neelin, P.  and Peters, T. M.  and Evans, A. C. ",
   Title="{{A}utomatic 3{D} intersubject registration of {M}{R} volumetric data in standardized {T}alairach space}",
   Journal="J Comput Assist Tomogr",
   Year="1994",
   Volume="18",
   Number="2",
   Pages="192--205"
}

